@misc{stmichel,
  author = {Maryse Burgot},
  title = {{Explosion station Saint Michel, début journal}},
  howpublished = {\url{http://www.ina.fr/video/CAB95041650/explosion-station-saint-michel-generique-debut-journal-video.html}},
  year = {1995}, 
  note = {[Online; accessed 09-10-2014]}
}

@misc{chiens_metro,
  author = {Paris Normandie},
  title = {{Deux chiens bloquent le métro rennais pendant 4 heures}},
  year = {2006},
}

@misc{chiffres_star,
  author = {ville-bruz.fr},
  title = {{Le réseau STAR bus/métro}},
  howpublished = {\url{http://www.ville-bruz.fr/Le-reseau-STAR-bus-metro.html}},
  note = {[Online; accessed 22-10-2014]}
}

@misc{london_attacks,
  author = {BBC},
  title = {{In deph - London attacks}},
  howpublished = {\url{http://news.bbc.co.uk/2/shared/spl/hi/uk/05/}},
  year = {2005}, 
  note = {[Online; accessed 09-10-2014]}
}

 
% http://news.bbc.co.uk/2/hi/in_depth/uk/2005/london_explosions/default.stm

% PROBLEM WITH UNDERSCORE !!! FAIL COMPILATION. Someone can solve this shit? thx.


@misc{tubeApril,
  author = {Transport for London},
  title = {{50\% of Tube services operating despite RMT strike}},
  howpublished = {\url{https://www.tfl.gov.uk/info-for/media/press-releases/2014/april/50-of-tube-services-operating-despite-rmt-strike}},
  year = {2014}, 
  note = {[Online; accessed 09-10-2014]}
}


@misc{SFbart,
  author = {La presse.ca},
  title = {{San Francisco paralysée par une grève des transports}},
  howpublished = {\url{http://affaires.lapresse.ca/economie/transports/201310/18/01-4701188-san-francisco-paralysee-par-une-greve-des-transports.php}},
  year = {2014}, 
  note = {[Online; accessed 09-10-2014]}
}
  
@misc{greve_marseille,
  author = {Le Monde},
  title = {{Une grève paralyse les transports en commun à Marseille}},
  howpublished = {\url{http://www.lemonde.fr/municipales/article/2013/12/03/une-greve-paralyse-les-transports-en-commun-a-marseille\_3524378\_1828682.html}},
  year = {2013}, 
  note = {[Online; accessed 09-10-2014]}
}

@misc{molotov,
  author = {Leïla Marchand},
  title = {{Attaque aux cocktails molotov du tram : Pas de transport en commun ce soir à Brest}},
  howpublished = {\url{http://france3-regions.francetvinfo.fr/bretagne/2014/07/21/attaque-aux-cocktail-molotov-du-tram-plus-de-transport-en-commun-ce-soir/-brest-520863.html}},
  year = {2014}, 
  note = {[Online; accessed 22-10-2014]}
}
  
@misc{metro_info,
  author = {ouest-france.fr},
  title = {{Un problème informatique paralyse le métro de Rennes depuis 5 h 30}},
  howpublished = {\url{http://www.ouest-france.fr/un-probleme-informatique-paralyse-le-metro-de-rennes-depuis-5-h-30-31688}},
  year = {2012}, 
  note = {[Online; accessed 09-10-2014]}
}
  
@misc{metro_orage,
  author = {ouest-france.fr},
  title = {{L'orage a paralysé le métro pendant près de 20 heures}},
  howpublished = {\url{http://www.ouest-france.fr/lorage-paralyse-le-metro-pendant-pres-de-20-heures-517520}},
  year = {2009}, 
  note = {[Online; accessed 09-10-2014]}
}

@misc{bus_agression,
  author = {Camille Allain (20minutes.fr)},
  title = {{Un chauffeur agressé, le réseau de bus paralysé}},
  howpublished = {\url{http://www.20minutes.fr/rennes/923065-20120425-chauffeur-agresse-reseau-bus-paralyse}},
  year = {2012}, 
  note = {[Online; accessed 09-10-2014]}
  }
  
@misc{coup_poing_rennes,
  author = {ouest-france.fr},
  title = {{Agression métro. A Rennes, un contrôleur du Star reçoit un coup de poing}},
  howpublished = {\url{http://www.ouest-france.fr/agression-metro-rennes-un-controleur-du-star-recoit-un-coup-de-poing-2878743}},
  year = {2014}, 
  note = {[Online; accessed 09-10-2014]}
  }

@INPROCEEDINGS{adtool_paper,
  author = {Barbara Kordy and Piotr Kordy and Sjouke Mauw and Patrick Schweitzer},
  title = {{ADTool: Security Analysis with Attack--Defense Trees}},
  booktitle = {QEST},
    editor = {Kaustubh R. Joshi and
               Markus Siegle and
               Mari{\"e}lle Stoelinga and
               Pedro R. D'Argenio},
  year = {2013},
  volume = {8054},
  series = {LNCS},
  pages = {173-176},
  publisher = {Springer},
  ee        = {http://dx.doi.org/10.1007/978-3-642-40196-1_15},
} 
  

% Le label doit etre unique. Je rajoute des numeros pour fixer la compilation
@misc{reprise_metro_1,
  author = {lemensuel.com},
  title = {{Le trafic du métro a repris après la panne de ce matin}},
  howpublished = "\url{http://www.rennes.lemensuel.com/actualite/article/2012/05/18/le-trafic-du-metro-a-repris-apres-la-panne-de-ce-matin-11771.html}",
  year = {2012}, 
  note = "[Online; accessed 16-10-2014]"
}

@misc{doc_Schneier,
  author = {Bruce Schneier},
  title = {{Attack Trees}},
  journal = {Dr. Dobb's Journal of Software Tools},
  year = {1999},
  volume = {24},
  pages = {21-29},
  number = {12}
} 

@misc{ADTreeKordy,
  author = {Barbara Kordy and Ludovic Pi\`{e}tre-Cambac\'{e}d\`{e}s and Patrick Schweitzer},
  title = {{DAG-Based Attack and Defense Modeling: Don't Miss the Forest for the Attack Trees}},
  journal ={Computer Science Review},
  note ={{DOI}: 10.1016/j.cosrev.2014.07.001},
  year = {2014},
} 
        
@article{ADTreeOxford,
  author = {Barbara Kordy and Sjouke Mauw and Sa\v{s}a Radomirovi\'c and Patrick Schweitzer},
  title = {Attack--defense trees},
  volume = {24},
  number = {1},
  pages = {55-87},
  year = {2014},
  doi = {10.1093/logcom/exs029},
  note = {Available at \url{http://logcom.oxfordjournals.org/content/24/1/55.full.pdf+html}},
  journal = {Journal of Logic and Computation}
} 
 
@misc{university_2,
  author = {Jean Leneutre},
  title = {{Concepts fondamentaux de la sécurité}},
  howpublished = "\url{http://www.infres.enst.fr/people/leneutre/SECUR/INF941-Intro-securite-2011-12.pdf}",
  year = {2012-13}, 
  note = "[Online; accessed 21-10-2014]"
}
      
 @misc{university_3,
  author = {Eric Gingras},
  title = {{Préjudices, failles, vulnérabilités et menaces}},
  howpublished = "\url{http://www.labunix.uqam.ca/~gingras\_e/Inf4470/Pres\_Vulnerabilites.pdf}",
  year = {Hiver 2010}, 
  note = "[Online; accessed 21-10-2014]"
}


 @misc{RapCCM,
  author = {Chambre de Commerce du Montréal Métropolitain},
  title = {{ Le transport en commun - Au coeur du développement économique de Montréal }},
  howpublished = "\url{http://www.ccmm.qc.ca/documents/etudes/2010\_2011/10\_11\_26\_ccmm\_etude-transport\_fr.pdf}",
  year = {2010}, 
  note = "[Online; accessed 21-10-2014]"
}
       
 @misc{bilanLA,
  author = {Métropole Rennes},
  title = {{ Bilan LOTI - Metro ligne A et axe bus EST-OUEST }},
  howpublished = "\url{http://metropole.rennes.fr/politiques-publiques/transports-urbanisme-amenagement/les-deplacements/les-transports-collectifs/?no_cache=1&cid=1006&did=443&sechash=92baed72}",
  year = {2002},
   note = "[Online; accessed 21-10-2014]"
  }

 @misc{defaillanceTree,
  author = {Elarn},
  title = {{LES ARBRES DE DÉFAILLANCES}},
  howpublished = "\url{http://elearn.umc.edu.dz/vf/images/cours/maintenance-industrielle/chapitre%2010.pdf}",
  note = "[Online; accessed 21-10-2014]"
}

 @misc{SecurlTree,
  author = {Amenaza},
  title = {{SecurITree}},
  howpublished = {\url{http://www.amenaza.com/}},
  misc = {\url{http://www.m-privacy.de/produkte/securitree/}},
  year = {2001--2012},
} 

 @misc{ATTACKTREE+,
  author = {Isograph},
  title = {{AttackTree+}},
  howpublished = {\url{http://www.isograph-software.com/2011/software/attacktree/}},
} 

 @misc{ADTool,
  author = {Piotr Kordy and Patrick Schweitzer},
  title = {{The ADTool}},
  howpublished = {\url{http://satoss.uni.lu/software/adtool}},
  year = {2012}
} 

@article{methode_analyse,
  author = {Alessandra Bagnato and Barbara Kordy and Per H\aa{}kon Meland and
    Patrick Schweitzer},
  title = {{Attribute Decoration of Attack--Defense Trees}},
  journal = {IJSSE},
  year = {2012},
  volume = {3},
  pages = {1-35},
  number = {2},
  doi = {10.4018/jsse.2012040101},
  publisher = {IGI Global}
}

@misc{Amst_RFID,
  author = {Andy Tanenbaum},
  title = {{Dutch Public Transit Card Broken}},
  howpublished = "\url{http://www.cs.vu.nl/~ast/ov-chip-card/}",
  note = "[Online; accessed 22-10-2014]"
}

@misc{STIB,
  author = {LaCapitale.be},
  title = {{Bruxelles: la Stib également victime d'une attaque informatique}},
  howpublished = {\url{http://www.lacapitale.be/848788/article/regions/bruxelles/actualite/2013-11-01/bruxelles-la-stib-egalement-victime-d-une-attaque-informatique}},
  note = "[Online; accessed 22-10-2014]"
}

@misc{Gart,
  author = {GART},
  title = {{L'année 2009 des transports urbains}},
  howpublished = "\url{http://www.gart.org/content/download/17081/170527/file/GART%20ann%C3%A9e%20transport%202010%20A4-7_09_2011.pdf}",
  note = "[Online; accessed 22-10-2014]"
}


@misc{Keolis,
  author = {GART},
  title = {{Rennes, un réseau STAR}},
  howpublished = "\url{http://www.keolis.com/fr/groupe/nos-reseaux-phares/nos-reseaux-phares/en-france/rennes-un-reseau-star.html}",
  note = "[Online; accessed 22-10-2014]"
}
